% This file was created with JabRef 2.8.1.
% Encoding: Cp1252

@ARTICLE{hubble,
  author = {Burrows, C. J. and Holtzman, J. A. and Faber, S. M. and Bely, P.
	Y. and Hasan, H. and Lynds, C. R.},
  title = {The imaging performance of the Hubble Space Telescope},
  year = {1991},
  volume = {369},
  pages = {L21-L25},
  journal = {Astrophysical Journal, Part 2 - Letters},
  owner = {Molly},
  timestamp = {2013.05.13}
}

@ARTICLE{garnet,
  author = {Joch and Mohlo and Ranno},
  title = {Magnetization processes in a dot of ferrimagnetic garnet near the
	compensation temperature},
  year = {2006},
  volume = {303},
  journal = {Journal of Physics: Conference Series},
  owner = {Molly},
  timestamp = {2013.01.07}
}

@ARTICLE{madec,
  author = {Madec and Kammerer and HÃ©brard and Lallement},
  title = {An accurate compact model for CMOS cross-shaped Hall effect Sensors},
  year = {2011},
  volume = {171},
  pages = {69-78},
  journal = {Sensors and Actuators A},
  owner = {Felix},
  timestamp = {2012.12.10}
}

@ARTICLE{mizoo,
  author = {Mizoo},
  title = {Performance of a magnetometer using a commercial Hall sensor},
  year = {2010},
  volume = {200},
  pages = {112007},
  journal = {Journal of Physics: Conference Series},
  owner = {David},
  timestamp = {2012.12.10}
}

@ARTICLE{nishioka,
  author = {Nishioka},
  title = {New type of magnetization equipment using a commercial Hall sensor},
  year = {2004},
  volume = {272-276},
  pages = {2305-2306},
  journal = {Journal of Magnetism and Magnetic Materials},
  owner = {David},
  timestamp = {2012.12.10}
}

@ARTICLE{pauw,
  author = {van der Pauw},
  title = {A method of measuring the resistivity and Hall coefficient on lamelae
	of arbitrary shape},
  year = {1958},
  volume = {20},
  pages = {220-224},
  journal = {Philips technical review},
  owner = {Felix},
  timestamp = {2012.12.10}
}

@ARTICLE{steiner,
  author = {Steiner},
  title = {Offset reduction in Hall devices by continuous spinning current method},
  year = {1998},
  volume = {66},
  pages = {167-172},
  journal = {Sonsors and Actuators A},
  owner = {David},
  timestamp = {2012.12.10}
}

@MANUAL{toshiba,
  author = {Toshiba},
  title = {THS},
  year = {2001},
  owner = {David},
  timestamp = {2013.05.13}
}

@comment{jabref-meta: selector_review:}

@comment{jabref-meta: selector_publisher:}

@comment{jabref-meta: selector_author:}

@comment{jabref-meta: selector_journal:}

@comment{jabref-meta: selector_keywords:}

